<?xml version="1.0" encoding="UTF-8"?><collection xmlns="http://www.loc.gov/MARC21/slim"><record><leader>00352nam--2200133-i-4500</leader><controlfield tag="001">000040634</controlfield><controlfield tag="002">20161230</controlfield><controlfield tag="005">20161230201042</controlfield><controlfield tag="008">060222s1000------------r-----000-0-eng-d</controlfield><datafield ind1=" " ind2=" " tag="080"><subfield code="a">546.17</subfield></datafield><datafield ind1=" " ind2=" " tag="100"><subfield code="a">Schofield,K</subfield></datafield><datafield ind1=" " ind2=" " tag="245"><subfield code="a">Hetero-aromatic nitrogen compounds. pyroles and pyridines</subfield></datafield><datafield ind1=" " ind2=" " tag="260"><subfield code="a">Lodon, Butterworths, 1967. Viii + 434 P</subfield></datafield><datafield ind1=" " ind2=" " tag="852"><subfield code="a">29854</subfield></datafield></record></collection>